@Article{Pokorski:1998hr,
     author    = "Witold Pokorski and Graham G. Ross",
     title     = "Flat directions, string compactification and three generation models",
     year      = "1998",
     eprint    = "hep-ph/9809537"
}


@inproceedings{Ardrone1,
  title={Autonomous MAV flight in indoor environments using single image perspective cues},
  author={Bills, Cooper and Chen, Joyce and Saxena, Ashutosh},
  booktitle={Robotics and automation (ICRA), 2011 IEEE international conference on},
  pages={5776--5783},
  year={2011},
  organization={IEEE}
}

@incollection{Ardrone2,
  title={AR-drone as a platform for robotic research and education},
  author={Krajn{\'\i}k, Tom{\'a}{\v{s}} and Von{\'a}sek, Vojt{\v{e}}ch and Fi{\v{s}}er, Daniel and Faigl, Jan},
  booktitle={Research and Education in Robotics-EUROBOT 2011},
  pages={172--186},
  year={2011},
  publisher={Springer}
}
@article{meier2012pixhawk,
  title={PIXHAWK: A micro aerial vehicle design for autonomous flight using onboard computer vision},
  author={Meier Lorenz and Tanskanen Petri and Heng Lionel and Lee Gim Hee and Fraundorfer Friedrich and Pollefeys Marc},
  journal={Autonomous Robots},
  volume={33},
  number={1-2},
  pages={21--39},
  year={2012},
  publisher={Springer}
}
@article{michael2010grasp,
  title={The GRASP multiple micro-UAV testbed},
  author={Michael Nathan and Mellinger Daniel and Lindsey Quentin and Kumar Vijay},
  journal={Robotics \& Automation Magazine, IEEE},
  volume={17},
  number={3},
  pages={56--65},
  year={2010},
  publisher={IEEE}
}
@Article{path_planning_UGV,
     author    = "Gabriely Yoav and Elon Rimon",
     title     = "Spanning-tree based coverage of continuous areas by a mobile robot",
     journal="Annals of Mathematics and Artificial Intelligence 31.1-4",
     year      = "2001",
     pages=" 77-98"
     
}

@Article{neural_network_UAV,
     author    = "Horn J and Schmidt E and Geiger BR and DeAngelo M",
     title     = "Neural network based trajectory optimization for UAV ",
     journal="AIAA J Guid Control Dyn",
     year      = "2012",
     pages=" 548–562"
     
}

@Article{neural_network_genral,
author = "Jiang M and Yu Y and Liu X and Zhang F and Hong Q ",
year="2012",
title="Fuzzy-neural network based dynamic path planning",
journal= " International conference on machine learning and cybernetics",
pages="326–330"
}

@Article{voronoi_UAV,
author = "Bortoff, Scott A. ",
year="2000",
title="Path planning for UAVs.",
journal= " American Control Conference Proceedings of the 2000. Vol. 1. No. 6. IEEE"

}

@article{TSP_UAV,
  title={Algorithms for routing an unmanned aerial vehicle in the presence of refueling depots},
  author={Sundar, Kaarthik and Rathinam, Sivakumar},
  journal={Automation Science and Engineering, IEEE Transactions on},
  volume={11},
  number={1},
  pages={287--294},
  year={2014},
  publisher={IEEE}
}


@incollection{TSP_UAV_Multi,
  title={Genetic algorithm based approach for multi-UAV cooperative reconnaissance mission planning problem},
  author={Tian, Jing and Shen, Lincheng and Zheng, Yanxing},
  booktitle={Foundations of Intelligent Systems},
  pages={101--110},
  year={2006},
  publisher={Springer}
}

@article{TSP_NPHARD,
  title={Polynomial time approximation schemes for Euclidean traveling salesman and other geometric problems},
  author={Arora, Sanjeev},
  journal={Journal of the ACM (JACM)},
  volume={45},
  number={5},
  pages={753--782},
  year={1998},
  publisher={ACM}
}

@book{Evo_Book1,
author="Simon, Dan", 
title=" Evolutionary optimization algorithms",
publisher="John Wiley \& Sons",
address   = " " , 
year="2013"
}


@book{Evo_Book2,
author="Deb, Kalyanmoy.", 
title=" Multi-objective optimization using evolutionary algorithms.  Vol. 16.",
publisher="John Wiley \& Sons",
address   = " " , 
year="2001"
}


@Article{CPP1,author="Choset, Howie", title="Coverage for robotics–A survey of recent results. Annals of mathematics and artificial intelligence 31.1-4", year="(2001)",pages="113-126"
}

@Article{CPP2,author="Galceran Enric, Marc Carreras", title="A survey on coverage path planning for robotics. Robotics and Autonomous Systems 61.12", year="2013", pages=" 1258-1276"}

@book{planningBook,
author="LaValle, Steven M.", 
title=" Planning algorithms.",
publisher="Cambridge university press",
address   = " " , 
year="2006"
}
@book{latombe2012robot,
  title={Robot motion planning},
  author={Latombe, Jean-Claude},
  volume={124},
  year={2012},
  publisher={Springer Science \& Business Media}
}

@book{UAV_general,author="Valavanis K, Oh P, Piegl LA", 
title=" Unmanned aircraft systems.",
publisher="Springer, New York",
address   = " " , 
year="2008"  
}

@Article{Amelino-Camelia:1998tm,
     author    = "G. Amelino-Camelia and Dumitru Ghilencea and Graham G. Ross
                  ",
     title     = "The Effect of Yukawa couplings on unification predictions
                  and the nonperturbative limit",
     journal   = "Nucl. Phys.",
     volume    = "B528",
     year      = "1998",
     pages     = "35",
     eprint    = "hep-ph/9804437"
}

@Article{c1,
     author    = "Chin W. and Ntafos S.",
     title     = "Optimum watchman routes. Inform. Process. Lett.",

     year      = "1988",
   
}


@Article{c2,
author = "Moeini M. and Kröller A. and Schmidt C.",
year="1998",
title="Une Nouvelle Approche Pour la Resolution du Probleme de la Galerie d’Art.",

}

@Article{c3,
author = "Erdem U. M. and Sclaroff  S.  ",
year="2006",
title="Automated camera layout to satisfy task-specific and floor plan-specific coverage requirements.",
journal= " J Computer Vision and Image Understanding ",
pages="156-169"
}

@Article{c4,
author = "Packer E. ",
year="2008",
title="Computing multiple watchman routes.",
journal= "  In Experimental Algorithms (pp. 114-128). Springer Berlin Heidelberg ",

}



@Article{c5,
author = "Zhao J. and Cheung S. C. and Nguyen T. ",
year="2008",
title="Optimal camera network configurations for visual tagging.",
journal= "  Selected Topics in Signal Processing, IEEE Journal of, 2(4) ",
pages=" 464-479"
}


@Article{c6,
author = "Song B. and Soto C. and Roy-Chowdhury  A. K. and  Farrell J. ",
year="2008",
title="Decentralized camera network control using game theory.",
journal= " In Distributed Smart Cameras, 2008. ICDSC 2008. Second ACM/IEEE International Conference on (pp. 1-8) ",
}




@Article{c7,
author = "Liu L. and Zhang, X. and  Ma H.  ",
year="2010",
title="Optimal node selection for target localization in wireless camera sensor networks.",
journal= " Vehicular Technology, IEEE Transactions on, 59(7)",
pages="3562-3576"
}

@Article{c8,
author = "Ma H. and Yang M. and Li D. and Hong Y. and Chen W.",
year="2012",
title="Minimum camera barrier coverage in wireless camera sensor networks.",
journal= " In INFOCOM, 2012 Proceedings IEEE",
pages="217-225"
}

@Article{c9,
author = "Wang Q. and Wu, J. and Long, C.",
year="2013",
title=" On-line configuration of large scale surveillance networks using mobile smart camera.",
journal= " In Distributed Smart Cameras (ICDSC), 2013 Seventh International Conference on",
pages="771-779"
}

\bibitem{}	 (, October). . IEEE.

@Article{c10,
author = "Zhou P. and Long, C.",
year="2011",
title="Optimal coverage of camera networks using PSO algorithm.",
journal= "  In Image and Signal Processing (CISP), 2011 4th International Congress on ",
volume = {4},

pages="2084-2088"
}

\bibitem{}	  (2012, October).   on (pp. 1-6). 

@Article{c11,
author = "Reddy K. K. and Conci N.",
year="2012",
title="Camera positioning for global and local coverage optimization.",
journal= " In Distributed Smart Cameras (ICDSC), 2012 Sixth International Conference"
}

@inproceedings{tardif2008monocular,
  title={Monocular visual odometry in urban environments using an omnidirectional camera},
  author={Tardif, Jean-Philippe and Pavlidis, Yanis and Daniilidis, Kostas},
  booktitle={Intelligent Robots and Systems, 2008. IROS 2008. IEEE/RSJ International Conference on},
  pages={2531--2538},
  year={2008},
  organization={IEEE}
}

@article{engel14ras,
  author = {J. Engel and J. Sturm and D. Cremers},
  title = {Scale-Aware Navigation of a Low-Cost Quadrocopter with a Monocular Camera},
  journal = {Robotics and Autonomous Systems (RAS)},
  year = {2014},
  volume = "62",
  number = "11",
  pages = "1646-–1656",
  topic = {quadrocopter, ardrone},
  keywords = {quadrocopter, ardrone},
}

@InProceedings{ engel12iros,
	author = {J. Engel and J. Sturm and D. Cremers},
	title = "Camera-Based Navigation of a Low-Cost Quadrocopter",
	booktitle = "Proc. of the International Conference on Intelligent Robot Systems (IROS)",
	year = "2012",
	month= "Oct.",
        keywords="quadrocopter,ardrone,sturmselection",
}

@inproceedings{davies2006multiple,
  title={Multiple waypoint path planning for a mobile robot using genetic algorithms},
  author={Davies, Trevor and Jnifene, Amor},
  booktitle={Computational Intelligence for Measurement Systems and Applications, Proceedings of 2006 IEEE International Conference on},
  pages={21--26},
  year={2006},
  organization={IEEE}
}
@article{dantzig1954solution,
  title={Solution of a large-scale traveling-salesman problem},
  author={Dantzig, George and Fulkerson, Ray and Johnson, Selmer},
  journal={Journal of the operations research society of America},
  volume={2},
  number={4},
  pages={393--410},
  year={1954},
  publisher={INFORMS}
}

@article{khatib1986real,
  title={Real-time obstacle avoidance for manipulators and mobile robots},
  author={Khatib, Oussama},
  journal={The international journal of robotics research},
  volume={5},
  number={1},
  pages={90--98},
  year={1986},
  publisher={Sage Publications}
}

@inproceedings{yahyanejad2010incremental,
  title={Incremental mosaicking of images from autonomous, small-scale uavs},
  author={Yahyanejad Saeed and Wischounig-Strucl Daniel and Quaritsch Markus and Rin Bernhard},
  booktitle={Advanced Video and Signal Based Surveillance (AVSS), 2010 Seventh IEEE International Conference on},
  pages={329--336},
  year={2010},
  organization={IEEE}
}
@inproceedings{rohmer2013v,
  title={V-REP: A versatile and scalable robot simulation framework},
  author={Rohmer Eric and Singh Surya PN and Freese Marc},
  booktitle={Intelligent Robots and Systems (IROS), 2013 IEEE/RSJ International Conference on},
  pages={1321--1326},
  year={2013},
  organization={IEEE}
}

@inproceedings{quigley2009ros,
  title={ROS: an open-source Robot Operating System},
  author={Quigley, Morgan and Conley, Ken and Gerkey, Brian and Faust, Josh and Foote, Tully and Leibs, Jeremy and Wheeler, Rob and Ng, Andrew Y},
  booktitle={ICRA workshop on open source software},
  volume={3},
  number={3.2},
  pages={5},
  year={2009}
}

@misc{o2014gentle,
  title={A Gentle Introduction to ROS},
  author={O'Kane, Jason M},
  year={2014},
  publisher={Jason M. O'Kane}
}

@book{joseph2015mastering,
  title={Mastering ROS for robotics programming},
  author={Joseph, Lentin},
  year={2015},
  publisher={Packt Publishing Ltd}
}

@inproceedings{olivares2014v,
  title={V-REP \& ROS Testbed for Design, Test, and Tuning of a Quadrotor Vision Based Fuzzy Control System for Autonomous Landing},
  author={Olivares Mendez, Miguel Angel and Kannan, Somasundar and Voos, Holger},
  booktitle={Porceedings of The International Micro Air Vehicle Conference and Competition 2014},
  year={2014}
}
@article{augusto2013robotteamsim,
  title={RobotTeamSim--3D visualization of cooperative mobile robot missions in gazebo virtual environment},
  author={Augusto, Gon{\c{c}}alo Nuno dos Santos},
  year={2013}
}

@inproceedings{judd2001spline,
  title={Spline based path planning for unmanned air vehicles},
  author={Judd, Kevin B and McLain, Timothy W},
  booktitle={AIAA Guidance, Navigation, and Control Conference and Exhibit},
  pages={1--9},
  year={2001},
  organization={Montreal, Canada}
}

@inproceedings{scholer2012generating,
  title={Generating approximative minimum length paths in 3D for UAVs},
  author={Sch{\o}ler, Flemming and Cour-Harbo, La and Bisgaard, Morten and others},
  booktitle={Intelligent Vehicles Symposium (IV), 2012 IEEE},
  pages={229--233},
  year={2012},
  organization={IEEE}
}
@article{benini2013imu,
  title={An imu/uwb/vision-based extended kalman filter for mini-uav localization in indoor environment using 802.15. 4a wireless sensor network},
  author={Benini, Alessandro and Mancini, Adriano and Longhi, Sauro},
  journal={Journal of Intelligent \& Robotic Systems},
  volume={70},
  number={1-4},
  pages={461--476},
  year={2013},
  publisher={Springer}
}
@article{fei2013comprehensive,
  title={A comprehensive UAV indoor navigation system based on vision optical flow and laser FastSLAM},
  author={Fei, WANG and Jin-Qiang, CUI and Ben-Mei, CHEN and Tong, H LEE},
  journal={Acta Automatica Sinica},
  volume={39},
  number={11},
  pages={1889--1899},
  year={2013},
  publisher={Elsevier}
}

@MISC{mosaic_image_intro,
author="{Mark Bastourous}",
title={{video of the practical experiment}},
howpublished = {\url{https://onedrive.live.com/redir?resid=7D510DC6427EBCFD!2442&authkey=!ADaFBcw-AiQErOI&ithint=folder%2cwmv
}},
  year={2016},note = {Online; accessed 29-May-2016},
  }
@article{zheng1992panoramic,
  title={Panoramic representation for route recognition by a mobile robot},
  author={Zheng, Jiang Yu and Tsuji, Saburo},
  journal={International Journal of Computer Vision},
  volume={9},
  number={1},
  pages={55--76},
  year={1992},
  publisher={Springer}
}
@inproceedings{suzuki2010vision,
  title={Vision based localization of a small UAV for generating a large mosaic image},
  author={Suzuki, Taro and Amano, Yoshiharu and Hashizume, Takumi},
  booktitle={SICE Annual Conference 2010, Proceedings of},
  pages={2960--2964},
  year={2010},
  organization={IEEE}
}
@book{capel2004image,
  title={Image mosaicing and super-resolution},
  author={Capel, David},
  year={2004},
  publisher={Springer Science \& Business Media}
}


  
@article{papadimitriou1977euclidean,
  title={The Euclidean travelling salesman problem is NP-complete},
  author={Papadimitriou, Christos H},
  journal={Theoretical Computer Science},
  volume={4},
  number={3},
  pages={237--244},
  year={1977},
  publisher={Elsevier}
}